@online{1,
    title = "Given 2 randomly chosen integers $x,y$ what is $P(k=gcd(x,y))$?",
    url  = "https://math.stackexchange.com/questions/39665/given-2-randomly-chosen-integers-x-y-what-is-pk-gcdx-y",
    addendum = "(accedit: 28/03/2021)",
}
@online{gcd,
    title = "Prove that $(ab,cd)=(a,c)(b,d)\left(\frac{a}{(a,c)},\frac{d}{(b,d)}\right)\left(\frac{c}{(a,c)},\frac{b}{(b,d)}\right)$.",
    url  = "https://math.stackexchange.com/questions/1394801/prove-that-ab-cd-a-cb-d-left-fracaa-c-fracdb-d-right-left?noredirect=1&lq=1",
    addendum = "(accedit: 01/04/2021)",
}