@online{1,
    author = "",
    title = "Why the square root algorithm works",
    url  = "https://www.homeschoolmath.net/teaching/sqr-algorithm-why-works.php",
    addendum = "(accedit: 01/03/2021)",
}