@online{1,
    author    = {Wikipedia},
    title     = {Gaussâ€“Lucas theorem},
    url       = {https://en.wikipedia.org/wiki/Gauss%E2%80%93Lucas_theorem},
    addendum  = {Accedit: 02/05/2021},
}
@article{2,
    author    = {Thomas Polstra},
    title     = {Convex Hulls and the Casas-Alvero Conjecture for the Complex Plane Plane},
    journal   = {Rose-Hulman Undergraduate Mathematics Journal},
    volume    = {13},
    number    = {1},
    pages     = {32-42},
    year      = {2012},
    url       = {https://scholar.rose-hulman.edu/rhumj/vol13/iss1/2/?utm_source=scholar.rose-hulman.edu%2Frhumj%2Fvol13%2Fiss1%2F2&utm_medium=PDF&utm_campaign=PDFCoverPages},
}