@online{1,
    title = "Infinite tetration, convergence radius",
    url  = "https://math.stackexchange.com/questions/108288/infinite-tetration-convergence-radius",
    addendum = "(accedit: 22/03/2021)",
}
