@article{1,
    author = "Henry Cohn",
    title = "{A Short Proof of the Simple Continued Fraction Expansion of $e$}",
    url = "https://www-fourier.ujf-grenoble.fr/~marin/une_autre_crypto/articles_et_extraits_livres/Cohn_H_A_Short_proof_of_the_simple_convergent_of_e.pdf",
    journal = "Mathematical Association of America",
    volume = "113",
    number = "1",
    month = jan,
    year = "2006",
}
@online{2,
    author = "Wikipedia",
    title = "Continued fraction",
    url  = "https://en.wikipedia.org/wiki/Continued_fraction",
    addendum = "(accedit: 20/02/2021)",
}
@online{3,
    author = "Wikipedia",
    title = "List of representations of $e$",
    url  = "https://en.wikipedia.org/wiki/List_of_representations_of_e",
    addendum = "(accedit: 20/02/2021)",
}
@online{4,
    author = "A. J. van der Poorten",
    title = "{Notes on continued fractions and recurrence sequences}",
    url = "https://www.google.com/url?sa=t&rct=j&q=&esrc=s&source=web&cd=&ved=2ahUKEwiLkYOrnI3vAhVOzoUKHZCDAQUQFjABegQIAhAD&url=https%3A%2F%2Fweb.williams.edu%2FMathematics%2Fsjmiller%2Fpublic_html%2Fmathlab%2Fpublic_html%2Fbook%2Fpapers%2Fvdp%2FPoorten_NotesOnCFandRecurrenceSeqs.pdf&usg=AOvVaw3szrpxQ7SmOFjkmMCVPzh3",
    addendum = "(accedit: 28/02/2021)",
}
@online{5,
    author = "Proof Wiki",
    title = "Continued Fraction Expansion of Euler's Number",
    url  = "https://proofwiki.org/wiki/Continued_Fraction_Expansion_of_Euler%27s_Number",
    addendum = "(accedit: 01/03/2021)",
}